---
---

@INPROCEEDINGS{7282523,
  author={Pai, Srikanth B. and Rajan, B. Sundar},
  booktitle={2015 IEEE International Symposium on Information Theory (ISIT)}, 
  title={On the bounds of certain maximal linear codes in a projective space}, 
  year={2015},
  volume={},
  number={},
  pages={591-595},
  keywords={Linear codes;Error correction codes;Space vehicles;Lattices;Hamming distance;Network coding},
  doi={10.1109/ISIT.2015.7282523}}

@INPROCEEDINGS{6620557,
  author={Pai, Srikanth B. and Rajan, B. Sundar},
  booktitle={2013 IEEE International Symposium on Information Theory}, 
  title={A lattice singleton bound}, 
  year={2013},
  volume={},
  number={},
  pages={1904-1908},
  keywords={Lattices;Upper bound;Binary codes;Vectors;Measurement;Encoding},
  doi={10.1109/ISIT.2013.6620557}}

  @INPROCEEDINGS{5749411,
  author={Pai, Srikanth B. and Datta, Tanumay and Murthy, Chandra R.},
  booktitle={2009 First UK-India International Workshop on Cognitive Wireless Systems (UKIWCWS)}, 
  title={On the design of location-invariant sensing performance for secondary users}, 
  year={2009},
  volume={},
  number={},
  pages={1-5},
  keywords={Receivers;Radio transmitters;Sensor fusion;Interference},
  doi={10.1109/UKIWCWS.2009.5749411}}

