@article{chabiyo2018crash,
  title={Crash Sensitivity and the Cross-Section of Expected Stock Returns},
  author={Chabi-Yo, Fousseni and Ruenzi, Stefan and Weigert, Florian},
  journal={Journal of Financial and Quantitative Analysis},
  volume={53},
  number={3},
  pages={1059--1082},
  year={2018},
  publisher={Cambridge University Press},
  doi={10.1017/S0022109018000076},
  url={https://www.jstor.org/stable/26591940}
}
}

@article{sklar1959,
  author = {Sklar, Abe},
  title = {Fonctions de Répartition à n Dimensions et Leurs Marges},
  journal = {Publ. Inst. Stat. Univ. Paris},
  year = {1959},
  volume = {8},
  pages = {229--231}
}

@article{mandelbrot1963variation,
  title={The variation of certain speculative prices},
  author={Mandelbrot, Benoit B.},
  journal={The Journal of Business},
  volume={36},
  number={4},
  pages={394--419},
  year={1963},
  publisher={University of Chicago Press},
  doi={10.1086/294632},
  url={https://doi.org/10.1086/294632}
}

@article{fama1965behavior,
  title={The behavior of stock-market prices},
  author={Fama, Eugene F.},
  journal={The Journal of Business},
  volume={38},
  number={1},
  pages={34--105},
  year={1965},
  publisher={University of Chicago Press},
  doi={10.1086/294743},
  url={https://doi.org/10.1086/294743}
}

@article{pratt1964risk,
  title     = {Risk Aversion in the Small and in the Large},
  author    = {Pratt, John W.},
  journal   = {Econometrica},
  volume    = {32},
  number    = {1-2},
  pages     = {122--136},
  year      = {1964},
  publisher = {Wiley for the Econometric Society},
  doi       = {10.2307/1913738},
  url       = {https://doi.org/10.2307/1913738}
}